@ARTICLE{2010MNRAS.402..307V,
   author = {{Vaughan}, S.},
    title = "{A Bayesian test for periodic signals in red noise}",
  journal = {\mnras},
archivePrefix = "arXiv",
   eprint = {0910.2706},
 primaryClass = "astro-ph.HE",
 keywords = {methods: data analysis, methods: statistical, galaxies: Seyfert, X-rays: general},
     year = 2010,
    month = feb,
   volume = 402,
    pages = {307-320},
      doi = {10.1111/j.1365-2966.2009.15868.x},
   adsurl = {http://adsabs.harvard.edu/abs/2010MNRAS.402..307V},
  adsnote = {Provided by the SAO/NASA Astrophysics Data System}
}

@ARTICLE{1999ApJ...520L.135F,
   author = {{Fletcher}, L. and {de Pontieu}, B.},
    title = "{Plasma Diagnostics of Transition Region ``Moss'' using SOHO/CDS and TRACE}",
  journal = {\apjl},
 keywords = {SUN: CHROMOSPHERE, SUN: CORONA, SUN: TRANSITION REGION},
     year = 1999,
    month = aug,
   volume = 520,
    pages = {L135-L138},
      doi = {10.1086/312157},
   adsurl = {http://adsabs.harvard.edu/abs/1999ApJ...520L.135F},
  adsnote = {Provided by the SAO/NASA Astrophysics Data System}
}

@ARTICLE{2007ApJ...654.1128D,
   author = {{de Wijn}, A.~G. and {De Pontieu}, B. and {Rutten}, R.~J.},
    title = "{Fourier Analysis of Active-Region Plage}",
  journal = {\apj},
archivePrefix = "arXiv",
   eprint = {0706.2014},
 keywords = {Sun: Chromosphere, Sun: Transition Region, Sun: UV Radiation},
     year = 2007,
    month = jan,
   volume = 654,
    pages = {1128-1134},
      doi = {10.1086/509253},
   adsurl = {http://adsabs.harvard.edu/abs/2007ApJ...654.1128D},
  adsnote = {Provided by the SAO/NASA Astrophysics Data System}
}

@ARTICLE{2009ApJ...702L.168D,
   author = {{de Wijn}, A.~G. and {McIntosh}, S.~W. and {De Pontieu}, B.},
    title = "{On the Propagation of p-Modes Into the Solar Chromosphere}",
  journal = {\apjl},
archivePrefix = "arXiv",
   eprint = {0908.1383},
 primaryClass = "astro-ph.SR",
 keywords = {Sun: chromosphere, Sun: magnetic fields, Sun: oscillations},
     year = 2009,
    month = sep,
   volume = 702,
    pages = {L168-L171},
      doi = {10.1088/0004-637X/702/2/L168},
   adsurl = {http://adsabs.harvard.edu/abs/2009ApJ...702L.168D},
  adsnote = {Provided by the SAO/NASA Astrophysics Data System}
}

@ARTICLE{2010SoPh..264..403I,
   author = {{Ireland}, J. and {Marsh}, M.~S. and {Kucera}, T.~A. and {Young}, C.~A.
	},
    title = "{Automated Detection of Oscillating Regions in the Solar Atmosphere}",
  journal = {\solphys},
archivePrefix = "arXiv",
   eprint = {1007.0975},
 primaryClass = "astro-ph.SR",
 keywords = {Sun: active region, Sun: magnetic field},
     year = 2010,
    month = jul,
   volume = 264,
    pages = {403-431},
      doi = {10.1007/s11207-010-9592-6},
   adsurl = {http://adsabs.harvard.edu/abs/2010SoPh..264..403I},
  adsnote = {Provided by the SAO/NASA Astrophysics Data System}
}


@ARTICLE{2000AA...355L..23D,
   author = {{De Moortel}, I. and {Ireland}, J. and {Walsh}, R.~W.},
    title = "{Observation of oscillations in coronal loops}",
  journal = {\aap},
 keywords = {MAGNETOHYDRODYNAMICS (MHD), SUN: ACTIVITY, SUN: CORONA, SUN: OSCILLATIONS},
     year = 2000,
    month = mar,
   volume = 355,
    pages = {L23-L26},
   adsurl = {http://adsabs.harvard.edu/abs/2000A%26A...355L..23D},
  adsnote = {Provided by the SAO/NASA Astrophysics Data System}
}

@ARTICLE{2004SoPh..223....1D,
   author = {{De Moortel}, I. and {McAteer}, R.~T.~J.},
    title = "{Waves and wavelets: An automated detection technique for solar oscillations}",
  journal = {\solphys},
     year = 2004,
    month = sep,
   volume = 223,
    pages = {1-11},
      doi = {10.1007/s11207-004-0806-7},
   adsurl = {http://adsabs.harvard.edu/abs/2004SoPh..223....1D},
  adsnote = {Provided by the SAO/NASA Astrophysics Data System}
}
@ARTICLE{2003AA...404L...1K,
   author = {{King}, D.~B. and {Nakariakov}, V.~M. and {Deluca}, E.~E. and 
	{Golub}, L. and {McClements}, K.~G.},
    title = "{Propagating EUV disturbances in the Solar corona: Two-wavelength observations}",
  journal = {\aap},
 keywords = {magnetohydrodynamics (MHD), waves, Sun: activity, Sun: corona, Sun: oscillations, Sun: UV radiation},
     year = 2003,
    month = jun,
   volume = 404,
    pages = {L1-L4},
      doi = {10.1051/0004-6361:20030763},
   adsurl = {http://adsabs.harvard.edu/abs/2003A%26A...404L...1K},
  adsnote = {Provided by the SAO/NASA Astrophysics Data System}
}

@ARTICLE{2008SoPh..252..321M,
   author = {{McIntosh}, S.~W. and {de Pontieu}, B. and {Tomczyk}, S.},
    title = "{A Coherence-Based Approach for Tracking Waves in the Solar Corona}",
  journal = {\solphys},
archivePrefix = "arXiv",
   eprint = {0808.2978},
 keywords = {Coronal seismology, Oscillations, Solar, Waves, Waves, Magnetohydrodynamic},
     year = 2008,
    month = nov,
   volume = 252,
    pages = {321-348},
      doi = {10.1007/s11207-008-9257-x},
   adsurl = {http://adsabs.harvard.edu/abs/2008SoPh..252..321M},
  adsnote = {Provided by the SAO/NASA Astrophysics Data System}
}

@ARTICLE{2007SoPh..241..397N,
   author = {{Nakariakov}, V.~M. and {King}, D.~B.},
    title = "{Coronal Periodmaps}",
  journal = {\solphys},
 keywords = {Coronal oscillations, Coronal waves, MHD waves, EUV},
     year = 2007,
    month = apr,
   volume = 241,
    pages = {397-409},
      doi = {10.1007/s11207-007-0348-x},
   adsurl = {http://adsabs.harvard.edu/abs/2007SoPh..241..397N},
  adsnote = {Provided by the SAO/NASA Astrophysics Data System}
}

@ARTICLE{2008SoPh..248..395S,
   author = {{Sych}, R.~A. and {Nakariakov}, V.~M.},
    title = "{The Pixelised Wavelet Filtering Method to Study Waves and Oscillations in Time Sequences of Solar Atmospheric Images}",
  journal = {\solphys},
     year = 2008,
    month = apr,
   volume = 248,
    pages = {395-408},
      doi = {10.1007/s11207-007-9005-7},
   adsurl = {http://adsabs.harvard.edu/abs/2008SoPh..248..395S},
  adsnote = {Provided by the SAO/NASA Astrophysics Data System}
}

@ARTICLE{2003ApJ...595L..63D,
   author = {{De Pontieu}, B. and {Erd{\'e}lyi}, R. and {de Wijn}, A.~G.},
    title = "{Intensity Oscillations in the Upper Transition Region above Active Region Plage}",
  journal = {\apjl},
 keywords = {Magnetic Fields, Sun: Chromosphere, Sun: Photosphere, Sun: Transition Region},
     year = 2003,
    month = sep,
   volume = 595,
    pages = {L63-L66},
      doi = {10.1086/378843},
   adsurl = {http://adsabs.harvard.edu/abs/2003ApJ...595L..63D},
  adsnote = {Provided by the SAO/NASA Astrophysics Data System}
}

@ARTICLE{2005ApJ...624L..61D,
   author = {{De Pontieu}, B. and {Erd{\'e}lyi}, R. and {De Moortel}, I.},
    title = "{How to Channel Photospheric Oscillations into the Corona}",
  journal = {\apjl},
 keywords = {Magnetic Fields, Sun: Chromosphere, Sun: Corona, Sun: Photosphere, Sun: Transition Region},
     year = 2005,
    month = may,
   volume = 624,
    pages = {L61-L64},
      doi = {10.1086/430345},
   adsurl = {http://adsabs.harvard.edu/abs/2005ApJ...624L..61D},
  adsnote = {Provided by the SAO/NASA Astrophysics Data System}
}

@INPROCEEDINGS{1993ASPC...42..111H,
   author = {{Harvey}, J.~W. and {Duvall}, Jr., T.~L. and {Jefferies}, S.~M. and 
	{Pomerantz}, M.~A.},
    title = "{Chromospheric Oscillations and the Background Spectrum}",
booktitle = {GONG 1992. Seismic Investigation of the Sun and Stars},
     year = 1993,
   series = {Astronomical Society of the Pacific Conference Series},
   volume = 42,
   editor = {{Brown}, T.~M.},
    month = jan,
    pages = {111},
   adsurl = {http://adsabs.harvard.edu/abs/1993ASPC...42..111H},
  adsnote = {Provided by the SAO/NASA Astrophysics Data System}
}

@ARTICLE{2003ApJ...590..502D,
   author = {{De Pontieu}, B. and {Tarbell}, T. and {Erd{\'e}lyi}, R.},
    title = "{Correlations on Arcsecond Scales between Chromospheric and Transition Region Emission in Active Regions}",
  journal = {\apj},
 keywords = {Magnetic Fields, Magnetohydrodynamics: MHD, Sun: Chromosphere, Sun: Transition Region, Sun: UV Radiation},
     year = 2003,
    month = jun,
   volume = 590,
    pages = {502-518},
      doi = {10.1086/374928},
   adsurl = {http://adsabs.harvard.edu/abs/2003ApJ...590..502D},
  adsnote = {Provided by the SAO/NASA Astrophysics Data System}
}
@BOOK{2011soca.book.....A,
   author = {{Aschwanden}, M.~J.},
    title = "{Self-Organized Criticality in Astrophysics}",
booktitle = {Self-Organized Criticality in Astrophysics, by Markus J.~Aschwanden.~ Springer-Praxis, Berlin ISBN 978-3-642-15000-5, 416p.},
     year = 2011,
   adsurl = {http://adsabs.harvard.edu/abs/2011soca.book.....A},
  adsnote = {Provided by the SAO/NASA Astrophysics Data System}
}

@Article{Hunter:2007,
  Author    = {Hunter, J. D.},
  Title     = {Matplotlib: A 2D graphics environment},
  Journal   = {Computing In Science \& Engineering},
  Volume    = {9},
  Number    = {3},
  Pages     = {90--95},
  abstract  = {Matplotlib is a 2D graphics package used for Python
  for application development, interactive scripting, and
  publication-quality image generation across user
  interfaces and operating systems.},
  publisher = {IEEE COMPUTER SOC},
  year      = 2007
}

@article{Patil:Huard:Fonnesbeck:2010:JSSOBK:v35i04,
  author =	"Anand Patil and David Huard and Christopher J. Fonnesbeck",
  title =	"PyMC: Bayesian Stochastic Modelling in Python",
  journal =	"Journal of Statistical Software",
  volume =	"35",
  number =	"4",
  pages =	"1--81",
  day =  	"16",
  month =	"7",
  year = 	"2010",
  CODEN =	"JSSOBK",
  ISSN = 	"1548-7660",
  bibdate =	"2010-01-22",
  URL =  	"http://www.jstatsoft.org/v35/i04",
  accepted =	"2010-01-22",
  acknowledgement = "",
  keywords =	"",
  submitted =	"2008-12-22",
}
@ARTICLE{1998SoPh..182..497F,
   author = {{Freeland}, S.~L. and {Handy}, B.~N.},
    title = "{Data Analysis with the SolarSoft System}",
  journal = {\solphys},
     year = 1998,
    month = oct,
   volume = 182,
    pages = {497-500},
      doi = {10.1023/A:1005038224881},
   adsurl = {http://adsabs.harvard.edu/abs/1998SoPh..182..497F},
  adsnote = {Provided by the SAO/NASA Astrophysics Data System}
}

@InProceedings{ mumford-proc-scipy-2013,
  author    = { Stuart Mumford and David P\'erez-Su\'arez and Steven Christe and Florian Mayer and Russell J. Hewett },
  title     = { SunPy: Python for Solar Physicists },
  booktitle = { Proceedings of the 12th Python in Science Conference },
  pages     = { 74 - 77 },
  year      = { 2013 },
  editor    = { St\'efan van der Walt and Jarrod Millman and Katy Huff }
}

@ARTICLE{2012ApJ...744..113T,
   author = {{Tajfirouze}, E. and {Safari}, H.},
    title = "{Can a Nanoflare Model of Extreme-ultraviolet Irradiances Describe the Heating of the Solar Corona?}",
  journal = {\apj},
archivePrefix = "arXiv",
   eprint = {1112.4926},
 primaryClass = "astro-ph.SR",
 keywords = {Sun: corona, Sun: flares, Sun: UV radiation},
     year = 2012,
    month = jan,
   volume = 744,
      eid = {113},
    pages = {113},
      doi = {10.1088/0004-637X/744/2/113},
   adsurl = {http://adsabs.harvard.edu/abs/2012ApJ...744..113T},
  adsnote = {Provided by the SAO/NASA Astrophysics Data System}
}

@ARTICLE{2013SoPh..286..405C,
   author = {{Calabro}, B. and {McAteer}, R.~T.~J. and {Bloomfield}, D.~S.
	},
    title = "{Oscillatory Behavior in the Corona}",
  journal = {\solphys},
 keywords = {Sun: oscillations, corona, Regions: active Sun, quiet Sun, coronal holes, Analysis: wavelet},
     year = 2013,
    month = sep,
   volume = 286,
    pages = {405-415},
      doi = {10.1007/s11207-013-0283-y},
   adsurl = {http://adsabs.harvard.edu/abs/2013SoPh..286..405C},
  adsnote = {Provided by the SAO/NASA Astrophysics Data System}
}
